
@article{9_surfacereconstruction,
author = {Garc√≠a, Missael and Erausquin, Ignacio and Edmiston, Christopher and Gruev, Viktor},
year = {2015},
month = {06},
pages = {14391},
title = {Surface normal reconstruction using circularly polarized light},
volume = {23},
journal = {Optics Express},
doi = {10.1364/OE.23.014391}
}

@article{6_Solar_spectropolarimetry,
author = {Iglesias, Francisco and Feller, Alex},
year = {2019},
month = {04},
pages = {1},
title = {Instrumentation for solar spectropolarimetry: State of the art and prospects},
volume = {58},
journal = {Optical Engineering},
doi = {10.1117/1.OE.58.8.082417}
}

@article{10_3d_reconstruction,
author = {Morel, Olivier and Stolz, Christophe and Meriaudeau, Fabrice and Gorria, Patrick},
year = {2006},
month = {07},
pages = {4062-8},
title = {Active lighting applied to three-dimensional reconstruction of specular metallic surfaces by polarization imaging},
volume = {45},
journal = {Applied optics},
doi = {10.1364/AO.45.004062}
}
